@Misc{1,
	title = {OpenSSL dokumentácia},
	howpublished = {[online]},
	note = {[vid.~2020-11-03]},
	url = {https://www.openssl.org/docs}
}

@Misc{2,
	title = {Discord API dokumentácia},
	howpublished = {[online]},
	note = {[vid.~2020-11-03]},
	url = {https://discord.com/developers/docs/reference}
}

@Misc{3,
	title = {HTTPS Wikipedia},
	howpublished = {[online]},
	note = {[vid.~2020-11-03]},
	url = {https://cs.wikipedia.org/wiki/HTTPS}
}

@Misc{4,
	title = {SSL Wikipedia},
	howpublished = {[online]},
	note = {[vid.~2020-11-03]},
	url = {https://cs.wikipedia.org/wiki/Secure_Sockets_Layer}
}


